@InBook{Rajeev1995Randomized,
  title =  {Randomized Algorithms},
  chapter =  {APPENDIX C: Basic Probability Theory},
  author =  {Rajeev Motwani, Prabhakar Raghavan},
  year =  {1995},
  pages =  {438-446},
  publisher =  {Cambridge University Press}
}


@misc{maxcut,
  key = {Max Cut},
  note = {https://www.cs.ubc.ca/~nickhar/W15/Lecture2Notes.pdf},
}

@misc{reverse,
  key = {Reverse Markov Inequality},
  note = {https://www.planetmath.org/reversemarkovinequality},
}

@misc{linearity,
  key = {Linearity of Expectation Function},
  note ={https://proofwiki.org/wiki/Linearity\_of\_Expectation\_Function},
}
@misc{stirling,
  key = {Stirling's formula},
  note ={https://en.wikipedia.org/wiki/Stirling\%27s\_approximation},
}
@misc{e,
  key = {Euler's number},
  note ={https://en.wikipedia.org/wiki/E\_(mathematical\_constant)},
}